@article{article,
author = {Wang, Li-Chun and Chen, Chih},
year = {1991},
month = {09},
pages = {489 - 499},
title = {A combined optimization method for solving the inverse kinematics problem of mechanical manipulators},
volume = {7},
journal = {Robotics and Automation, IEEE Transactions on},
doi = {10.1109/70.86079}
}